<record><leader>00000cas a22000007a 4500</leader><controlfield tag="001">11288058</controlfield><controlfield tag="008">841020d18471848ohudn ne      0    0eng d</controlfield><datafield ind1=" " ind2=" " tag="010"><subfield code="a">sn 84028655 </subfield></datafield><datafield ind1=" " ind2=" " tag="040"><subfield code="a">NPY</subfield><subfield code="b">eng</subfield><subfield code="c">NPY</subfield><subfield code="d">NPX</subfield><subfield code="d">ONP</subfield><subfield code="d">OCLCQ</subfield></datafield><datafield ind1=" " ind2=" " tag="042"><subfield code="a">msc</subfield></datafield><datafield ind1="0" ind2="4" tag="245"><subfield code="a">The Daily Ohio press.</subfield></datafield><datafield ind1="1" ind2="3" tag="246"><subfield code="a">Ohio press</subfield></datafield><datafield ind1=" " ind2=" " tag="250"><subfield code="a">Session paper.</subfield></datafield><datafield ind1=" " ind2=" " tag="260"><subfield code="a">[Columbus, Ohio] :</subfield><subfield code="b">Eli T. Tappan,</subfield><subfield code="c">1847-1848.</subfield></datafield><datafield ind1=" " ind2=" " tag="300"><subfield code="a">v. :</subfield><subfield code="b">ill. (chiefly adv.) ;</subfield><subfield code="c">59 cm.</subfield></datafield><datafield ind1=" " ind2=" " tag="310"><subfield code="a">Daily (except Sun.)</subfield></datafield><datafield ind1="0" ind2=" " tag="362"><subfield code="a">No. 1 (Dec. 6, 1847)-no. 68 (Feb. 25, 1848).</subfield></datafield><datafield ind1=" " ind2=" " tag="500"><subfield code="a">Editor: Eli T. Tappan, &lt;1848&gt;.</subfield></datafield><datafield ind1=" " ind2=" " tag="500"><subfield code="a">Democratic. Cf. Gutgesell, S. Guide to Ohio newspapers, 1974.</subfield></datafield><datafield ind1=" " ind2=" " tag="580"><subfield code="a">Semiweekly ed.: Ohio press (Columbus, Ohio).</subfield></datafield><datafield ind1=" " ind2=" " tag="752"><subfield code="a">United States</subfield><subfield code="b">Ohio</subfield><subfield code="c">Franklin</subfield><subfield code="d">Columbus.</subfield></datafield><datafield ind1="0" ind2=" " tag="775"><subfield code="t">Weekly Ohio press</subfield><subfield code="w">(DLC)sn 86090513</subfield></datafield><datafield ind1="1" ind2=" " tag="775"><subfield code="t">Ohio press (Columbus, Ohio)</subfield><subfield code="w">(DLC)sn 84028656</subfield></datafield><datafield ind1="1" ind2=" " tag="029"><subfield code="a">AU@</subfield><subfield code="b">000025797520</subfield></datafield></record>